%%%%%%%%%%%%%%%%%%%%%%%%%%%%%%%%%%%% 
%%%%%%%%%%  Books
@book{lubanovic2019introducing,
  title={Introducing Python: Modern Computing in Simple Packages},
  author={Lubanovic, Bill},
  year={2019},
  publisher={O'Reilly Media}
}


@book{vanderplas2016python,
  title={Python data science handbook: Essential tools for working with data},
  author={VanderPlas, Jake},
  year={2016},
  publisher={O'Reilly Media}
}

@book{vanderplas2016whirlwind,
  title={A Whirlwind Tour of Python},
  author={VanderPlas, Jake},
  year={2016},
  publisher={O'Reilly Media}
}


@book{mckinney2012python,
  title={Python for Data Analysis: Data wrangling with Pandas, NumPy, and IPython},
  author={McKinney, Wes},
  year={2017},
  publisher={O'Reilly Media, Inc.}
}


@book{ramalho2015fluent,
  title={Fluent Python: Clear, concise, and effective programming},
  author={Ramalho, Luciano},
  year={2015},
  publisher={O'Reilly Media}
}


@book{long2021,
  title={Good Code, Bad Code},
  author={Long, Tom},
  year={2021},
  publisher={Manning Publications}
}

@book{antao2022,
  title={Fast Python for Data Science},
  author={Antao, Tiago Rodrigues},
  year={2022},
  publisher={Manning Publications}
}


@book{gaddis2018starting,
  title={Starting out with Python},
  author={Gaddis, Tony},
  year={2018},
  publisher={Pearson}
}


@book{reitz2016hitchhiker,
  title={The Hitchhiker's guide to Python: best practices for development},
  author={Reitz, Kenneth and Schlusser, Tanya},
  year={2016},
  publisher={O'Reilly Media}
}


@book{rougier2021scientific,
  title={Scientific Visualization: Python+ Matplotlib},
  author={Rougier, Nicolas},
  year={2021}
}

@book{clark2022story,
  title={Matplotlib for Storytellers},
  author={Clark, Alexander},
  year={2022}
}


@book{zumstein2021,
  title={Python for Excel},
  author={Zumstein, Felix},
  year={2021},
  publisher={O'Reilly Media}
}



%%%%%% non-python
@article{luca2020want,
  title={Want to Make Better Decisions? Start Experimenting},
  author={Luca, Michael and Bazerman, Max H},
  journal={MIT Sloan Management Review},
  volume={61},
  number={4},
  pages={67--73},
  year={2020},
  publisher={Massachusetts Institute of Technology, Cambridge, MA}
}

@book{cunningham2021causal,
  title={Causal inference: The Mixtape},
  author={Cunningham, Scott},
  year={2021},
  publisher={Yale University Press}
}
